@book{Hagen2014,
 author = {Hagen, Silvia},
 title = {IPv6 Essentials: (3rd ed.) Integrating IPv6 into your IPv4 network},
 year = {2014},
 publisher = {O'Reilly Media},
 address = {1005 Gravenstein Highway North, Sebastopol, CA 95472}
}

@book{Graziani2017,
  author = {Graziani, Rick},
  title = {IPv6 Fundamentals: (2nd ed.) A Straightforward Approach to Understanding IPv6},
  year = {2017},
  publisher = {Cisco Press},
  address = {800 East 96th Street, Indianapolis, IN 46240}
}

@article{Massimiliano2018,
  author = {Massimiliano Stucchi - Stephen Strowes},
  journal = {RIPE NCC RIPE76},
  pages = {1--41},
  title = {Global IPv6 Deployment Survey},
  year = {2018}
}

@online{DeGoede2018,
  author = {Jochem De Goede},
  title = {Alles over het verschil tussen ipv4 en ipv6},
  year = 2018,
  url = {https://pcmweb.nl/artikelen/internet/alles-over-het-verschil-tussen-ipv4-en-ipv6/},
  urldate = {2018-05-28}
}

@online{RIPE2016,
  author = {RIPE NCC},
  title = {Transition Mechanisms},
  year = 2016,
  url = {https://www.ripe.net/publications/ipv6-info-centre/deployment-planning/transition-mechanisms},
  urldate = {2018-05-28}
}

@online{Vinciguerra2013,
  author = {Paul Vinciguerra},
  title = {Understanding IPv6 Connectivity: Teredo Tunnels},
  year = 2013,
  url = {http://vinciconsulting.com/blog/-/blogs/understanding-ipv6-connectivity-teredo-tunnels},
  urldate = {2018-05-28}  
}

@online{RIPE2014,
  author = {RIPE NCC},
  title = {RIPE NCC IPv4 Available Pool - Graph},
  year = 2014,
  url = {https://www.ripe.net/publications/ipv6-info-centre/about-ipv6/ipv4-exhaustion/ipv4-available-pool-graph},
  urldate = {2018-05-28}
}

@online{RIPE2016Fases,
  author = {RIPE NCC},
  title = {Last /8 Phases},
  year = 2016,
  url = {https://www.ripe.net/publications/ipv6-info-centre/about-ipv6/ipv4-exhaustion/last-8-phases},
  urldate = {2018-05-28}
}

@online{RIR2018,
  author = {RIR},
  title = {Regional Internet Registries Statistics: RIR Delegations},
  year = 2018,
  url = {https://www-public.tem-tsp.eu/~maigron/RIR_Stats/RIR_Delegations/RIPENCC/IPv4-ByNb.html},
  urldate = {2018-05-28}
}

@online{GoogleIPv6,
  author = {Google},
  title = {Google IPv6 Statistics},
  year = 2018,
  url = {https://www.google.com/intl/en/ipv6/statistics.html},
  urldate = {2018-05-28}
}

@online{Martinez2016,
  author = {Jordi Palet Martinez},
  title = {Results of the IPv6 Deployment Survey},
  year = 2016,
  url = {https://labs.ripe.net/Members/jordipaletm/results-of-the-ipv6-deployment-survey},
  urldate = 2018-05-28
}

@online{Martinez2017,
  author = {Jordi Palet Martinez},
  title = {IPv6 Deployment Survey Update},
  year = 2017,
  url = {https://labs.ripe.net/Members/jordipaletm/ipv6-deployment-survey-update},
  urldate = 2018-05-28
}

@online{GoogleIPv6Belgie,
  author = {Google},
  title = {Google IPv6 Statistics},
  year = 2018,
  url = {https://www.google.com/intl/en/ipv6/statistics.html#tab=per-country-ipv6-adoption&tab=per-country-ipv6-adoption},
  urldate = 2018-05-28
}

@online{Vyncke2018,
  author = {Eric Vyncke},
  title = {Projection of IPv6 %-age of IPv6-Enabled Web Browsers (courtesy Google) in Belgium},
  year = 2018,
  url = {https://www.vyncke.org/ipv6status/project.php?metric=p&timeforward=365&timebackward=365&country=be},
  urldate = 2018-05-28
}